% This file was created with JabRef 2.10.
% Encoding: MacRoman


@Article{doi:10.1080/01638539809545028,
  Title                    = {An introduction to latent semantic analysis},
  Author                   = {Landauer, Thomas K and Foltz, Peter W. and Laham, Darrell},
  Journal                  = {Discourse Processes},
  Year                     = {1998},
  Number                   = {2-3},
  Pages                    = {259-284},
  Volume                   = {25},

  Doi                      = {10.1080/01638539809545028},
  Eprint                   = { 
 http://dx.doi.org/10.1080/01638539809545028
 
},
  Url                      = { 
 http://dx.doi.org/10.1080/01638539809545028
 
}
}

@InProceedings{maas2011learning,
  Title                    = {Learning word vectors for sentiment analysis},
  Author                   = {Maas, Andrew L and Daly, Raymond E and Pham, Peter T and Huang, Dan and Ng, Andrew Y and Potts, Christopher},
  Booktitle                = {Proceedings of the 49th Annual Meeting of the Association for Computational Linguistics: Human Language Technologies-Volume 1},
  Year                     = {2011},
  Organization             = {Association for Computational Linguistics},
  Pages                    = {142--150}
}

@Book{manning2008introduction,
  Title                    = {Introduction to information retrieval},
  Author                   = {Manning, Christopher D and Raghavan, Prabhakar and Sch{\"u}tze, Hinrich},
  Publisher                = {Cambridge university press Cambridge},
  Year                     = {2008},
  Volume                   = {1}
}

@Book{manning1999foundations,
  Title                    = {Foundations of statistical natural language processing},
  Author                   = {Manning, Christopher D and Sch{\"u}tze, Hinrich},
  Publisher                = {MIT press},
  Year                     = {1999}
}

@Misc{MantrachAmin,
  Title                    = {Machine Learning Course ULB: Text mining},

  Author                   = {Mantrach Amin, Nicolas Vanzeebroeck, Hugues Bersini, Marco Saerens},
  HowPublished             = {\url{https://ai.vub.ac.be/sites/default/files/textmining2011.pdf}},
  Note                     = {Accessed: 2014-15-11}
}

@Book{mckinney2012python,
  Title                    = {Python for data analysis: Data wrangling with Pandas, NumPy, and IPython},
  Author                   = {McKinney, Wes},
  Publisher                = {" O'Reilly Media, Inc."},
  Year                     = {2012}
}

@Article{mitchell1997machine,
  Title                    = {Machine learning. 1997},
  Author                   = {Mitchell, Tom M},
  Journal                  = {Burr Ridge, IL: McGraw Hill},
  Year                     = {1997},
  Volume                   = {45}
}

@Misc{Ng,
  Title                    = {Machine Learning Course},

  Author                   = {Andrew Ng},
  HowPublished             = {\url{https://class.coursera.org/ml-005/lecture/preview}},
  Note                     = {Accessed: 2014-15-11}
}

@Article{petitpierre1995mmorph,
  Title                    = {MMORPH-the Multext morphology program},
  Author                   = {Petitpierre, Dominique and Russell, Graham},
  Journal                  = {Multext deliverable report for the task},
  Year                     = {1995},
  Number                   = {1},
  Volume                   = {2}
}

@Article{samuel2000some,
  Title                    = {Some studies in machine learning using the game of checkers},
  Author                   = {Samuel, Arthur L},
  Journal                  = {IBM Journal of research and development},
  Year                     = {2000},
  Number                   = {1.2},
  Pages                    = {206--226},
  Volume                   = {44},

  Publisher                = {IBM}
}

@Misc{chisquare,
  Title                    = {Goodness-of Fit Test, A Nonparametric Test},
  HowPublished             = {\url{http://www2.cedarcrest.edu/academic/bio/hale/biostat/session22links/basics.html}},
  Note                     = {Accessed: 2015-05-23},

  Owner                    = {yannickmerckx},
  Timestamp                = {2015.05.23}
}

@Misc{clustering,
  Title                    = {A Tutorial on Clustering Algorithms},
  HowPublished             = {\url{http://home.deib.polimi.it/matteucc/Clustering/tutorial_html/index.html}},
  Note                     = {Accessed: 2015-01-11}
}

@Misc{LSA,
  Title                    = {Latent Semantic Analysis (LSA) Tutorial},
  HowPublished             = {\url{http://www.puffinwarellc.com/index.php/news-and-articles/articles/33-latent-semantic-analysis-tutorial.html?showall=1}},
  Note                     = {Accessed: 2014-15-11}
}

@Misc{,
  Title                    = {Decomposing signals in components (matrix factorization problems)},
  HowPublished             = {\url{http://scikit-learn.org/stable/modules/decomposition.html}},
  Note                     = {Accessed: 2014-30-11}
}

@Misc{,
  Title                    = {Intro to Data Science},
  HowPublished             = {\url{https://www.udacity.com/course/ud359}},
  Note                     = {Accessed: 2014-12-11}
}

