% This file was created with JabRef 2.10.
% Encoding: MacRoman


@Article{doi:10.1080/01638539809545028,
  Title                    = {An introduction to latent semantic analysis},
  Author                   = {Landauer, Thomas K and Foltz, Peter W. and Laham, Darrell},
  Journal                  = {Discourse Processes},
  Year                     = {1998},
  Number                   = {2-3},
  Pages                    = {259-284},
  Volume                   = {25},

  Doi                      = {10.1080/01638539809545028},
  Eprint                   = { 
 http://dx.doi.org/10.1080/01638539809545028
 
},
  Url                      = { 
 http://dx.doi.org/10.1080/01638539809545028
 
}
}

@InProceedings{maas2011learning,
  Title                    = {Learning word vectors for sentiment analysis},
  Author                   = {Maas, Andrew L and Daly, Raymond E and Pham, Peter T and Huang, Dan and Ng, Andrew Y and Potts, Christopher},
  Booktitle                = {Proceedings of the 49th Annual Meeting of the Association for Computational Linguistics: Human Language Technologies-Volume 1},
  Year                     = {2011},
  Organization             = {Association for Computational Linguistics},
  Pages                    = {142--150}
}

@Book{manning2008introduction,
  Title                    = {Introduction to information retrieval},
  Author                   = {Manning, Christopher D and Raghavan, Prabhakar and Sch{\"u}tze, Hinrich},
  Publisher                = {Cambridge university press Cambridge},
  Year                     = {2008},
  Volume                   = {1}
}

@Article{mitchell1997machine,
  Title                    = {Machine learning. 1997},
  Author                   = {Mitchell, Tom M},
  Journal                  = {Burr Ridge, IL: McGraw Hill},
  Year                     = {1997},
  Volume                   = {45}
}

@Article{petitpierre1995mmorph,
  Title                    = {MMORPH-the Multext morphology program},
  Author                   = {Petitpierre, Dominique and Russell, Graham},
  Journal                  = {Multext deliverable report for the task},
  Year                     = {1995},
  Number                   = {1},
  Volume                   = {2}
}

@Article{samuel2000some,
  Title                    = {Some studies in machine learning using the game of checkers},
  Author                   = {Samuel, Arthur L},
  Journal                  = {IBM Journal of research and development},
  Year                     = {2000},
  Number                   = {1.2},
  Pages                    = {206--226},
  Volume                   = {44},

  Publisher                = {IBM}
}

